@article{Schwartz_2020,
  author    = {Roy Schwartz and
               Jesse Dodge and
               Noah A. Smith and
               Oren Etzioni},
  title     = {Green {AI}},
  journal   = {Communications of the ACM},
  volume    = {Vol. 63 No. 12},
  year      = {2020},
  url       = {https://cacm.acm.org/magazines/2020/12/248800-green-ai/fulltext},
}


@article{Lacoste_2019,
      author = {Alexandre Lacoste and
                Alexandra Luccioni and
                Victor Schmidt and
                Thomas Dandres},
      title = {Quantifying the Carbon Emissions of Machine Learning},
      journal = {},
      year = {2019},
      url = {https://arxiv.org/abs/1910.09700},
}


% @article{Calculator_Lacoste_2019,
%       author = {},
%       title = {{ML CO2} Impact Calculator},
%       journal = {},
%       year = {2019},
%       url = {https://mlco2.github.io/impact/#home},
% }
% 
% 
% @article{Github_Lacoste_2019,
%       author = {},
%       title = {{ML CO2} Impact Data and Code Source},
%       journal = {},
%       year = {2019},
%       url = {https://github.com/mlco2},
% }


@article{Strubell_2020,
    title={Energy and Policy Considerations for Modern Deep Learning Research},
    volume={34},
    url={https://ojs.aaai.org/index.php/AAAI/article/view/7123},
    number={09},
    journal={Proceedings of the AAAI Conference on Artificial Intelligence},
    author={Strubell, Emma and Ganesh, Ananya and McCallum, Andrew},
    year={2020},
}


@article{Kaack_2020,
    title = {Artificial Intelligence and Climate Change: Opportunities, considerations,
             and policy levers to align AI with climate change goals},
    author = {Kaack, Lynn H. and Donti, Priya and Strubell, Emma and Rolnick, David},
    journal = {Invited policy brief, Heinrich BÃ¶ll Foundation},
    url = {https://eu.boell.org/en/2020/12/03/artificial-intelligence-and-climate-change},
    year = {2020},
}


@article{Henderson_2020,
  author  = {Peter Henderson and Jieru Hu and Joshua Romoff and Emma Brunskill and Dan
             Jurafsky and Joelle Pineau},
  title   = {Towards the Systematic Reporting of the Energy and Carbon Footprints of
             Machine Learning},
  journal = {Journal of Machine Learning Research},
  year    = {2020},
  volume  = {21},
  number  = {248},
  pages   = {1-43},
  url     = {http://jmlr.org/papers/v21/20-312.html}
}


@article{Kaack_2021,
  title = {Aligning artificial intelligence with climate change mitigation},
  author = {Kaack, Lynn H and Donti, Priya L and Strubell, Emma and Kamiya, George and
            Creutzig, Felix and Rolnick, David},
  url = {https://hal.archives-ouvertes.fr/hal-03368037},
  journal = {Working paper},
  year = {2021},
}


@article{Devlin_2018,
  author    = {Jacob Devlin and
               Ming{-}Wei Chang and
               Kenton Lee and
               Kristina Toutanova},
  title     = {{BERT:} Pre-training of Deep Bidirectional Transformers for Language
               Understanding},
  journal   = {CoRR},
  volume    = {abs/1810.04805},
  year      = {2018},
  url       = {http://arxiv.org/abs/1810.04805},
  eprinttype = {arXiv},
  eprint    = {1810.04805},
  timestamp = {Tue, 30 Oct 2018 20:39:56 +0100},
  biburl    = {https://dblp.org/rec/journals/corr/abs-1810-04805.bib},
  bibsource = {dblp computer science bibliography, https://dblp.org}
}

@article{Narayanan_2021,
  author    = {Deepak Narayanan and
               Mohammad Shoeybi and
               Jared Casper and
               Patrick LeGresley and
               Mostofa Patwary and
               Vijay Korthikanti and
               Dmitri Vainbrand and
               Prethvi Kashinkunti and
               Julie Bernauer and
               Bryan Catanzaro and
               Amar Phanishayee and
               Matei Zaharia},
  title     = {Efficient Large-Scale Language Model Training on {GPU} Clusters},
  journal   = {CoRR},
  volume    = {abs/2104.04473},
  year      = {2021},
  url       = {https://arxiv.org/abs/2104.04473},
  eprinttype = {arXiv},
  eprint    = {2104.04473},
  timestamp = {Tue, 13 Apr 2021 16:46:17 +0200},
  biburl    = {https://dblp.org/rec/journals/corr/abs-2104-04473.bib},
  bibsource = {dblp computer science bibliography, https://dblp.org}
}
