@article{Schwartz_2020,
  author    = {Roy Schwartz and
               Jesse Dodge and
               Noah A. Smith and
               Oren Etzioni},
  title     = {Green {AI}},
  journal   = {Communications of the ACM},
  volume    = {Vol. 63 No. 12},
  year      = {2020},
  url       = {https://cacm.acm.org/magazines/2020/12/248800-green-ai/fulltext},
}


@article{Lacoste_2019,
      author = {Alexandre Lacoste and
                Alexandra Luccioni and
                Victor Schmidt and
                Thomas Dandres},
      title = {Quantifying the Carbon Emissions of Machine Learning},
      journal = {ArXiv Preprint},
      year = {2019},
      url = {https://arxiv.org/abs/1910.09700},
}


@article{Calculator_Lacoste_2019,
      author = {},
      title = {{ML CO2} Impact Calculator},
      journal = {},
      year = {2019},
      url = {https://mlco2.github.io/impact/#home},
}


@article{Github_Lacoste_2019,
      author = {},
      title = {{ML CO2} Impact Data and Code Source},
      journal = {},
      year = {2019},
      url = {https://github.com/mlco2},
}


@article{Strubell_2020,
    title={Energy and Policy Considerations for Modern Deep Learning Research},
    volume={34},
    url={https://ojs.aaai.org/index.php/AAAI/article/view/7123},
    number={09},
    journal={Proceedings of the AAAI Conference on Artificial Intelligence},
    author={Strubell, Emma and Ganesh, Ananya and McCallum, Andrew},
    year={2020},
}
